@article{kenichi1} {
url = "http://arxiv.org/abs/hep-ex/0207017"
}

@article{kenichi2} {
url = "http://physics.rockefeller.edu/michgall/FutureQCDTeV2004_slides.pdf"
}

@article{Klein1967399,
title = "Effets des rayonnements-γ sur les caracteristiques des scintillateurs organiques ",
journal = "The International Journal of Applied Radiation and Isotopes ",
volume = "18",
number = "6",
pages = "399 - 406",
year = "1967",
note = "",
issn = "0020-708X",
doi = "http://dx.doi.org/10.1016/0020-708X(67)90143-3",
author = "J. Klein and J. Gresset and F. Heisel and G. Laustriat",
}

@article{fsuliquid,
      author         = "Datte, P. and Dugeon, G. and {\it et al.}",
      title          = "{Effect of radiation-induced discoloration of the cladding on liquid scintillating fibers}",
      year           = "1990",
      publisher = {World Scientific Publishing Co Pte Ltd},
}


@article{contreras,
      author         = "Contreras, M. and Giokaris, N.D.",
      title          = "{Radiation Damage to SCSN23, SCSN81 and SCSN81+Y7}",
      year           = "1991",
      reportNumber   = "SDC-91-032",
      SLACcitation   = "%%CITATION = SDC-91-032 ETC.;%%",
}


@misc{chuck,
  author = "Charles Hurlbut, Eljen Technologies",
  howpublished = "private communication"
}


@misc{anna,
  author = "Anna Pla-Dalmau",
  howpublished = "private communication"
}


@article {brown,
author = {Thomson, AJ},
title = {An introduction to spectroscopy for biochemists: Edited by S B Brown. Academic press, London. 1980. £16.60 ISBN 0-12-137080},
journal = {Biochemical Education},
volume = {9},
number = {1},
publisher = {Headington Hill Hall},
issn = {1879-1468},
doi = {10.1016/0307-4412(81)90077-7},
pages = {35--35},
year = {1981},
}


@article{weir,
title = "The effects of polymer degradation on plastic scintillators ",
journal = "The International Journal of Applied Radiation and Isotopes ",
volume = "23",
number = "8",
pages = "371 - 379",
year = "1972",
note = "",
issn = "0020-708X",
doi = "http://dx.doi.org/10.1016/0020-708X(72)90119-6",
author = "N.A. Weir"
}


@article{johnson,
title = "Temperature treatment of plastic scintillator affects radiation hardness ",
journal = "Nuclear Instruments and Methods in Physics Research Section A: Accelerators, Spectrometers, Detectors and Associated Equipment ",
volume = "301",
number = "2",
pages = "372 - 375",
year = "1991",
note = "",
issn = "0168-9002",
doi = "http://dx.doi.org/10.1016/0168-9002(91)90480-E",
author = "K.F. Johnson and H.L. Whitaker"
}


@ARTICLE{bicken,
author={Bicken, B. and Dannemann, A. and Holm, U. and Neumann, T. and Wick, K.},
journal={Nuclear Science, IEEE Transactions on},
title={Influence of temperature treatment on radiation stability of plastic scintillator and wave-length shifter},
year={1992},
month={Oct},
volume={39},
number={5},
pages={1212-1216},
keywords={radiation effects;scintillation counters;PMMA;UV absorbants;Y-7;air;heating;plastic scintillator;polymethyl-methacrylate;polystyrene-based scintillator SCSN-38;radiation damage;radiation stability;temperature treatment;wave-length shifter;Absorption;Argon;Gases;Heat recovery;Heating;Machining;Plastics;Production;Stability;Temperature},
doi={10.1109/23.173180},
ISSN={0018-9499},}﻿

@article {todd,
author = {Todd, Audrey},
title = {The mechanisms of radiation-induced changes in vinyl polymers},
journal = {Journal of Polymer Science},
volume = {42},
number = {139},
publisher = {Interscience Publishers, Inc.},
issn = {1542-6238},
doi = {10.1002/pol.1960.1204213925},
pages = {223--247},
year = {1960},
}



@article{o2diffuse,
author = {Wang, Bojie and Ogilby, Peter R.},
title = {Activation barriers for oxygen diffusion in polystyrene and polycarbonate glasses: effects of codissolved argon, helium, and nitrogen},
journal = {Canadian Journal of Chemistry},
volume = {73},
number = {11},
pages = {1831-1840},
year = {1995},
doi = {10.1139/v95-226},
}



@article{harrah,
author = {Harrah, L. A.},
title = {ESR of Radicals Produced in Co60 Gamma-Irradiated Polystyrene},
journal = {Molecular Crystals},
volume = {9},
number = {1},
pages = {197-210},
year = {1969},
doi = {10.1080/15421406908082739},
}



@ARTICLE{zornliquid,
author={Zorn, C. and Majewski, S. and Wojcik, R. and Hurlbut, C. and Moser, W.},
journal={Nuclear Science, IEEE Transactions on},
title={Preliminary study of radiation damage in liquid scintillators},
year={1990},
month={Apr},
volume={37},
number={2},
pages={487-491},
keywords={gamma-ray effects;scintillation counters;60Co;gamma source;liquid scintillators;long samples;plastic scintillators;pulse height;radiation damage;radiation resistance;radiation-induced absorption;secondary fluor;transmission;Containers;Delay;Displays;Electromagnetic wave absorption;Fluorescence;Optical pulses;Optical saturation;Physics;Plastics;Stimulated emission},
doi={10.1109/23.106666},
ISSN={0018-9499},}


@ARTICLE{173178,
author={Bross, A.D. and Pla-Dalmau, A.},
journal={Nuclear Science, IEEE Transactions on},
title={Radiation damage of plastic scintillators},
year={1992},
month={Oct},
volume={39},
number={5},
pages={1199-1204},
keywords={radiation effects;scintillation counters;O;O annealing;O diffusion rate;annealing;annealing rate;free radicals;irradiations;light yield;permanent radiation-induced absorption;plastic scintillators;polystyrene;polystyrene-based plastic scintillators;transmittance;Annealing;Argon;Hydrogen;Laboratories;Performance evaluation;Plastics;Polymers;Purification;Radiation detectors;Thermal degradation},
doi={10.1109/23.173178},
ISSN={0018-9499},}

@article{Bodmann2003495,
title = "\{LET\} effects of neutron irradiated plastic scintillators ",
journal = "Nuclear Instruments and Methods in Physics Research Section B: Beam Interactions with Materials and Atoms ",
volume = "208",
number = "0",
pages = "495 - 499",
year = "2003",
note = "Ionizing Radiation and Polymers ",
issn = "0168-583X",
doi = "http://dx.doi.org/10.1016/S0168-583X(03)00664-5",
author = "B. Bodmann and S. GÃ¶b and U. Holm",
keywords = "Neutron irradiation",
keywords = "Plastic scintillators",
keywords = "Optical damage",
keywords = "\{LET\} effects",
keywords = "\{ESR\}",
keywords = "Radicals "
}



@article{Bodmann2001299,
title = "Neutron-irradiated plastic scintillators ",
journal = "Nuclear Instruments and Methods in Physics Research Section B: Beam Interactions with Materials and Atoms ",
volume = "185",
number = "1–4",
pages = "299 - 304",
year = "2001",
note = "",
issn = "0168-583X",
doi = "http://dx.doi.org/10.1016/S0168-583X(01)00762-5",
author = "B Bodmann and U Holm",
keywords = "Neutron irradiation",
keywords = "Plastic scintillators",
keywords = "Optical damage",
keywords = "\{LET\} effects "
}


@article{Wulkop1995141,
title = "Evidence for the creation of short-lived absorption centers in irradiated scintillators ",
journal = "Nuclear Instruments and Methods in Physics Research Section B: Beam Interactions with Materials and Atoms ",
volume = "95",
number = "1",
pages = "141 - 143",
year = "1995",
note = "",
issn = "0168-583X",
doi = "http://dx.doi.org/10.1016/0168-583X(94)00435-8",
author = "B. Wulkop and K. Wick and W. Busjan and A. Dannemann and U. Holm"
}


@ARTICLE{467829,
author={Buss, G. and Dannemann, A. and Holm, U. and Wick, K.},
journal={Nuclear Science, IEEE Transactions on},
title={Radiation damage by neutrons to plastic scintillators},
year={1995},
month={Aug},
volume={42},
number={4},
pages={315-319},
keywords={dosimetry;fluorescence;gamma-ray detection;gamma-ray effects;neutron detection;neutron effects;radiation monitoring;scintillation;solid scintillation detectors;γ-field;2 to 105 kGy;GS218 light guide;SCSN38 scintillator;Y7 wavelength shifter;alanine dosimeters;dose measurements;fast neutrons;fluorescence;mixed radiation field;neutron radiation damage;plastic scintillators;polymethylmethacrylate matrix;polystyrene based scintillator;pool reactor;pure PMMA light guide;transmission;Amino acids;Fluorescence;Inductors;Ionizing radiation;Large Hadron Collider;Neutrons;Optical scattering;Paramagnetic resonance;Plastics;Wavelength measurement},
doi={10.1109/23.467829},
ISSN={0018-9499},}


@ARTICLE{173180,
author={Bicken, B. and Dannemann, A. and Holm, U. and Neumann, T. and Wick, K.},
journal={Nuclear Science, IEEE Transactions on},
title={Influence of temperature treatment on radiation stability of plastic scintillator and wave-length shifter},
year={1992},
month={Oct},
volume={39},
number={5},
pages={1212-1216},
keywords={radiation effects;scintillation counters;PMMA;UV absorbants;Y-7;air;heating;plastic scintillator;polymethyl-methacrylate;polystyrene-based scintillator SCSN-38;radiation damage;radiation stability;temperature treatment;wave-length shifter;Absorption;Argon;Gases;Heat recovery;Heating;Machining;Plastics;Production;Stability;Temperature},
doi={10.1109/23.173180},
ISSN={0018-9499},}


@ARTICLE{289295,
author={Bicken, B. and Holm, U. and Marckmann, T. and Wick, K. and Rohde, M.},
journal={Nuclear Science, IEEE Transactions on},
title={Recovery and permanent radiation damage of plastic scintillators at different dose rates},
year={1991},
month={Apr},
volume={38},
number={2},
pages={188-193},
keywords={calorimeters;gamma-ray effects;proton effects;scintillation counters;60Co source;K-27;PMMA;SCSN-38;Y-7;ZEUS detector;absorption coefficient;absorption length;calorimeter;depleted;dose rates;light yield;permanent radiation damage;plastic scintillators;polymethyl methacrylate;polystyrene-based scintillator;protons;radiation hardness;radiation stability;wavelength shifters;Absorption;Atmospheric measurements;Atmospheric waves;Gas detectors;Length measurement;Plastics;Protons;Radiation detectors;Stability;Wavelength measurement},
doi={10.1109/23.289295},
ISSN={0018-9499},}


@article{Wick1991472,
title = "Recovery and dose rate dependence of radiation damage in scintillators, wavelength shifters and light guides ",
journal = "Nuclear Instruments and Methods in Physics Research Section B: Beam Interactions with Materials and Atoms ",
volume = "61",
number = "4",
pages = "472 - 486",
year = "1991",
note = "",
issn = "0168-583X",
doi = "http://dx.doi.org/10.1016/0168-583X(91)95325-8",
author = "K. Wick and D. Paul and P. SchrÃ¶der and V. Stieber and B. Bicken"
}

@ARTICLE{34504,
author={Holm, U. and Wick, K.},
journal={Nuclear Science, IEEE Transactions on},
title={Radiation stability of plastic scintillators and wave-length shifters},
year={1989},
month={Feb},
volume={36},
number={1},
pages={579-583},
keywords={gamma-ray effects;plastics;scintillation counters;HERA;SCSN-38;ZEUS detector;absorption length;calorimeter;light yield;permanent damages;plastic scintillators;radiation stability;recovery;wave-length shifters;Atmospheric measurements;Electromagnetic wave absorption;Gamma ray detection;Gamma ray detectors;Gas detectors;Length measurement;Plastics;Protons;Radiation detectors;Stability},
doi={10.1109/23.34504},
ISSN={0018-9499},}


@article{birksblack,
  author={J B Birks and F A Black},
  title={Deterioration of Anthracene under Î±-Particle Irradiation},
  journal={Proceedings of the Physical Society. Section A},
  volume={64},
  number={5},
  pages={511},
  year={1951},
  abstract={}
}


@article{berlman,
year={1958},
journal={Radiological Physics Division Semiannula Report for July through December 1957},
title={The effect of massive $\rm{Co^{60}}$ doses on the light output of a scintillator solution},
reportNumber   = "ANL-5829",
publisher={Argonne National Lab., Lemont, Ill.},
author={I.B. Berlman}
}


@article{rosmanzimmer,
year={1957},
issn={0038-531x},
journal={The Soviet Journal of Atomic Energy},
volume={2},
number={1},
doi={10.1007/BF01480707},
title={Damage to plastic scintillators by ionizing radiation},
publisher={Kluwer Academic Publishers},
author={Rosman, I.M. and Zimmer, K.G.},
pages={57-62},
language={English}
}

@MISC{stgobain,
      howpublished = "http://www.crystals.saint-gobain.com/Plastic\_Scintillation.aspx"
      }

@MISC{kuraray,
      howpublished = "http://kuraraypsf.jp/psf/"
      }

@MISC{eljen,
      howpublished = "http://www.eljentechnology.com/index.php/products/plastic-scintillators"
      }


@book{birks,
      title         = "{The Theory and Practice of Scintillation Counting}",
      author        = "J.B. ~Birks",
      publisher     = "Pergamon Press, The Macmillan Company",
      address       = "New York",
      series        = "International Series of Monographs on Electronics and Instrumentation, Volume 27",
      year          = "1964",
      ISBN          = "1483123642",
}

@book{HCALTDR1997,
      title         = "{The CMS hadron calorimeter project: Technical Design
                       Report}",
      publisher     = "CERN",
      collaboration = "CMS Collaboration",
      address       = "Geneva",
      series        = "Technical Design Report CMS",
      year          = "1997",
      ISBN          = "9789290831099",
}

@article{Ball:2007zza,
      author         = "Bayatian, G.L. and others",
      title          = "{CMS technical design report, volume II: Physics
                        performance}",
      collaboration  = "CMS Collaboration",
      journal        = "J.Phys.",
      volume         = "G34",
      pages          = "995-1579",
      doi            = "10.1088/0954-3899/34/6/S01",
      year           = "2007",
      reportNumber   = "CERN-LHCC-2006-021, CMS-TDR-008-2",
      SLACcitation   = "%%CITATION = CERN-LHCC-2006-021 ETC.;%%",
}

@article{Ferrari:2005zk,
      author         = "Ferrari, Alfredo and Sala, Paola R. and Fasso, Alberto
                        and Ranft, Johannes",
      title          = "{FLUKA: A multi-particle transport code (Program version
                        2005)}",
      year           = "2005",
      reportNumber   = "CERN-2005-010, SLAC-R-773, INFN-TC-05-11",
      SLACcitation   = "%%CITATION = CERN-2005-010 ETC.;%%",
}

@article{Battistoni:2007zzb,
      author         = "Battistoni, Giuseppe and Muraro, S. and Sala, Paola R.
                        and Cerutti, Fabio and Ferrari, A. and others",
      title          = "{The FLUKA code: Description and benchmarking}",
      journal        = "AIP Conf.Proc.",
      volume         = "896",
      pages          = "31-49",
      doi            = "10.1063/1.2720455",
      year           = "2007",
      reportNumber   = "SLAC-REPRINT-2007-184",
      SLACcitation   = "%%CITATION = APCPC,896,31;%%",
}


@inproceedings{Marchant:2010,
      author         = "Marchant, J. M. and others",
      title          = "{Liquid-based scintillators for particle physics}",
      doi            = "10.1109/NSSMIC.2010.5873708",
      pages          = "10-13",
      booktitle      = "Nuclear Science Symposium Conference Record (NSS/MIC)",
      year           = "Knoxville, TN, October 30 - November 6, 2010"
}

@article{Puseljic:1990gw,
      author         = "Puseljic, D. and Baumbaugh, B. and Ditmire, T. and
                        Kennedy, C. and Ruchti, R. and others",
      title          = "{Liquid capillary scintillation detectors}",
      journal        = "IEEE Trans.Nucl.Sci.",
      volume         = "37",
      pages          = "139-143",
      doi            = "10.1109/23.106606",
      year           = "1990",
      SLACcitation   = "%%CITATION = IETNA,37,139;%%",
}


@article{CMS-DP-2013-025,
      title         = "{Measurement of Radiation Damage in HF and HE observed in 2011 and 2012 data}",
      collaboration = "CMS Collaboration",
      month         = "Oct",
      year          = "2013",
      howpublished           = "{}"
}



@article{Biagtan1996125,
title = "Gamma dose and dose rate effects on scintillator light output ",
journal = "Nuclear Instruments and Methods in Physics Research Section B: Beam Interactions with Materials and Atoms ",
volume = "108",
number = "1–2",
pages = "125 - 128",
year = "1996",
note = "",
issn = "0168-583X",
doi = "http://dx.doi.org/10.1016/0168-583X(95)00874-8",
howpublished = "http://www.sciencedirect.com/science/article/pii/0168583X95008748",
author = "E. Biagtan and E. Goldberg and R. Stephens and E. Valeroso and J. Harmon"
}


@article{Wick2001341,
title = "Unexpected behaviour of polystyrene-based scintillating fibers during irradiation at low doses and low dose rates ",
journal = "Nuclear Instruments and Methods in Physics Research Section B: Beam Interactions with Materials and Atoms ",
volume = "185",
number = "1–4",
pages = "341 - 345",
year = "2001",
note = "",
issn = "0168-583X",
doi = "http://dx.doi.org/10.1016/S0168-583X(01)00776-5",
howpublished = "http://www.sciencedirect.com/science/article/pii/S0168583X01007765",
author = "K Wick and T Zoufal",
keywords = "Radiation resistance",
keywords = "Scintillating fibers",
keywords = "Optical absorption centers "
}



@article{Blaha2004805,
title = "Scintillating fibers for particle physics experiments—on-line-induced absorption measurements in gamma radiation field ",
journal = "Radiation Measurements ",
volume = "38",
number = "4–6",
pages = "805 - 808",
year = "2004",
note = "Proceedings of the 5th European Conference on Luminescent Detectors and Transformers of Ionizing Radiation (LUMDETR 2003)",
issn = "1350-4487",
doi = "http://dx.doi.org/10.1016/j.radmeas.2004.04.005",
howpublished = "http://www.sciencedirect.com/science/article/pii/S1350448704001246",
author = "Jan Blaha and Miroslav Finger and Miloslav Slune\v{c}ka and Miroslav \v{S}ulc and Miroslav Vognar",
keywords = "Scintillating fibers",
keywords = "Optical absorption centers",
keywords = "Radiation damage "
}

@article{Dunn1993225,
title = "Neutron/photon damage assessment of commercial plastic scintillating fibers ",
journal = "Radiation Physics and Chemistry ",
volume = "41",
number = "1–2",
pages = "225 - 236",
year = "1993",
note = "",
issn = "0969-806X",
doi = "http://dx.doi.org/10.1016/0969-806X(93)90060-8",
howpublished = "http://www.sciencedirect.com/science/article/pii/0969806X93900608",
author = "W.L. Dunn and T.S. Elleman and A. Grimes and S. Reucroft and T. Yasuda",
keywords = "Plastic scintillating fibers",
keywords = "neutrons",
keywords = "fluence",
keywords = "attenuation length",
keywords = "radiation damage "
}


@article{Agostinelli2003250,
title = "Geant4—a simulation toolkit ",
journal = "Nuclear Instruments and Methods in Physics Research Section A: Accelerators, Spectrometers, Detectors and Associated Equipment ",
volume = "506",
number = "3",
pages = "250 - 303",
year = "2003",
note = "",
issn = "0168-9002",
doi = "http://dx.doi.org/10.1016/S0168-9002(03)01368-8",
howpublished = "http://www.sciencedirect.com/science/article/pii/S0168900203013688",
author = "S. Agostinelli and others",
}

@article{Allison:2006ve,
      author         = "Allison, John and Amako, K. and Apostolakis, J. and
                        Araujo, H. and Dubois, P.A. and others",
      title          = "{Geant4 developments and applications}",
      journal        = "IEEE Trans.Nucl.Sci.",
      volume         = "53",
      pages          = "270",
      doi            = "10.1109/TNS.2006.869826",
      year           = "2006",
      reportNumber   = "SLAC-PUB-11870",
      SLACcitation   = "%%CITATION = IETNA,53,270;%%",
}

@article{Gentit:2001ky,
      author         = "Gentit, F.X.",
      title          = "{Litrani: A General purpose Monte Carlo program
                        simulating light propagation in isotropic or anisotropic
                        media}",
      journal        = "Nucl.Instrum.Meth.",
      volume         = "A486",
      pages          = "35-39",
      doi            = "10.1016/S0168-9002(02)00671-X",
      year           = "2002",
      reportNumber   = "DAPNIA-SPP-01-13",
      SLACcitation   = "%%CITATION = NUIMA,A486,35;%%",
}


@incollection{sauli,
author = {Carl Zorn},
title = {Plastic and Liquid Organic Scintillators},
chapter = {4},
pages = {218-279},
crossref = {sauli2},
doi = {10.1142/9789814360333_0004},
}

@book{sauli2,
editor = "Fabio Sauli",
booktitle = {Instrumentation in High Energy Physics},
publisher = "World Scientific",
year = "1993",
edition = "2"
}

@article{Bross1990315,
title = "Development of intrinsic \{IPT\} scintillator ",
journal = "Nuclear Instruments and Methods in Physics Research Section A: Accelerators, Spectrometers, Detectors and Associated Equipment ",
volume = "295",
number = "3",
pages = "315 - 322",
year = "1990",
note = "",
issn = "0168-9002",
doi = "http://dx.doi.org/10.1016/0168-9002(90)90707-D",
author = "Allan D. Bross",
abstract = "We report on the development of new plastic scintillators. Optical absorption, fluorescence and light output measurements are presented. Preliminary results on radiation damage effects are also given and compared to the effects on a commercial plastic scintillator, \{NE\} 110. "
}


@article{kauffman,
      author         = "Kauffman, J.M.",
      title          = "Design of Radiation Hard Fluors",
      pages          = "677-740",
      editor         = "Anderson, D.",
      title          = "{Scintillating fiber detector development for the SSC.
                        Proceedings, Workshop, Batavia, USA, November 14-16, 1988.
                        Vol. 1, 2}",
      year           = "1988",
      SLACcitation   = "%%CITATION = INSPIRE-274657;%%",
}


@INPROCEEDINGS{zorn2,
author={Zorn, C. and Kross, B. and Majewski, S. and Wojcik, R. and Johnson, K.F.},
booktitle={Nuclear Science Symposium and Medical Imaging Conference, 1991., Conference Record of the 1991 IEEE},
title={Results of a low dose rate irradiation of selected plastic scintillating fibers},
year={1991},
month={Nov},
pages={1498-1504 vol.3},
keywords={gamma-ray effects;light transmission;polymers;scintillation counters;1 mm;150 cm;Ar;O/sub 2/;SCSF-Y8;low dose rate irradiation;plastic scintillating fibers;radiation damage;transmission characteristics;Argon;Displays;Electron accelerators;Electron beams;Large Hadron Collider;Optical fibers;Optical refraction;Optical waveguides;Plastics;Radiation detectors},
doi={10.1109/NSSMIC.1991.259159},}

@article{Bross199135,
title = "Development and characterization of new scintillation materials for fiber tracking and calorimetry ",
journal = "Nuclear Instruments and Methods in Physics Research Section A: Accelerators, Spectrometers, Detectors and Associated Equipment ",
volume = "307",
number = "1",
pages = "35 - 46",
year = "1991",
note = "",
issn = "0168-9002",
doi = "http://dx.doi.org/10.1016/0168-9002(91)90128-D",
author = "A.D. Bross and A. Pla-Dalmau and B. Baumbaugh and J. Godfrey and J. Jaques and J. Marchant and J. Piekarz and R. Ruchti"
}



@ARTICLE{zorn3,
author={Zorn, C. and Majewski, S. and Wojcik, R. and Johnson, K.F.},
journal={Nuclear Science, IEEE Transactions on},
title={Progress in the design of a radiation-hard plastic scintillator},
year={1991},
month={Apr},
volume={38},
number={2},
pages={194-199},
keywords={radiation effects;scintillation counters;detector system;optical fibres;plates;radiation damage;radiation resistance;radiation-hard plastic scintillator;radiation-tolerant plastic bases;wavelength shifting;Annealing;Chemistry;Detectors;Europe;Large Hadron Collider;Linear particle accelerator;Logistics;Physics;Plastics;Testing},
doi={10.1109/23.289296},
ISSN={0018-9499},}


@article{forster,
author = "T. Forster",
journal = "Z. Naturforsch. ",
volume = "a4",
pages = "321",
year = "1949",
}


% doping concentration and light yield
@article{hinrichs,
title = "Uber die Lumineszenz in hochpolymeren substanzen. I ",
author = "Von H. Hinrichs",
journal = "Z. Naturforsch. ",
volume = "9a",
pages = "617",
year = "1954",
}


@article{Johnson:1990hr,
      author         = "Johnson, K.F. and Majewski, S. and Zorn, C. and Zorn, M.
                        and Hertzog, D.",
      title          = "{High dose calorimetry with scintillating fibers}",
      journal        = "IEEE Trans.Nucl.Sci.",
      volume         = "37",
      pages          = "500-503",
      doi            = "10.1109/23.106668",
      year           = "1990",
      SLACcitation   = "%%CITATION = IETNA,37,500;%%",
}



 @article{Majewski1989500,
title = "Radiation damage studies in plastic scintillators with a $\rm{2.5-MeV}$ electron beam ",
journal = "Nuclear Instruments and Methods in Physics Research Section A: Accelerators, Spectrometers, Detectors and Associated Equipment ",
volume = "281",
number = "3",
pages = "500 - 507",
year = "1989",
note = "",
issn = "0168-9002",
doi = "http://dx.doi.org/10.1016/0168-9002(89)91483-6",
author = "Stan Majewski and Margaret Bowen and Carl Zorn and Kurtis Johnson and Vasken Hagopian and James Thomaston and Horst Wahl"
}

% liquids

@article{McAshan:1989ft,
      author         = "McAshan, Michael S.",
      editor         = "McAshan, Michael S.",
      title          = "{Supercollider 1}",
      year           = "d1989",
      SLACcitation   = "%%CITATION = INSPIRE-290383;%%",
}

 @book{white,
  title="A Liquid Scintillator Spaghetti Calorimeter EM Module for Forward Calorimetry at the SSC",
  author="J. White et al.",
  note={Proceedings of the Symposium on Detector Research and Development for the Surperconducting Super Collider, October 15-18, 1990, Fort Worth, Texas},
  editor={Kelly, V. and Dombeck, T. and Yost, G.P. and Superconducting Super Collider Laboratory and United States. Dept. of Energy and Universities Research Association (U.S.)},
  isbn={9789810204457},
  lccn={91011834},
  year={1991},
  publisher={World Scientific}
}



@inbook{clough,
author = {R. Clough},
title = {Radiation-Resistant Polymers},
booktitle = {Encyclopedia of Polymer Science and Engineering, Vol. 13},
pages = {667-709},
publisher={John Wiley and Sons},
year={1988}
}


@article{Albrow2002524,
title = "The \{CDF\} plug upgrade electromagnetic calorimeter: test beam results ",
journal = "Nuclear Instruments and Methods in Physics Research Section A: Accelerators, Spectrometers, Detectors and Associated Equipment ",
volume = "480",
number = "2–3",
pages = "524 - 546",
year = "2002",
note = "",
issn = "0168-9002",
doi = "http://dx.doi.org/10.1016/S0168-9002(01)01238-4",
url = "http://www.sciencedirect.com/science/article/pii/S0168900201012384",
author = "M. Albrow and S. Aota and G. Apollinari and T. Asakawa and M. Bailey and P. de Barbaro and V. Barnes and K. Biery and A. Bodek and L. Breccia and R. Brunetti and H. Budd and D. Cauz and L. Demortier and I. Fiori and M. Frautschi and Y. Fukui and O. Ganel and Y. Gotra and S. Hahn and T. Handa and K. Hatakeyama and H. Ikeda and G. Introzzi and J. Iwai and T. Kikuchi and S.H. Kim and W. Kowald and A. Laasanen and J. Lamoureux and M. Lindgren and J. Liu and S. Lusin and P. Melese and H. Minato and S. Murgia and H. Nakada and J. Patrick and G. Pauletta and W. Sakumoto and L. Santi and Y. Seiya and A. Solodsky and R. Wigmans and S. Zucchelli"
}


@article{Aota1995557,
title = "A scintillating tile/fiber system for the CDF plug upgrade EM calorimeter ",
journal = "Nuclear Instruments and Methods in Physics Research Section A: Accelerators, Spectrometers, Detectors and Associated Equipment ",
volume = "352",
number = "3",
pages = "557 - 568",
year = "1995",
note = "",
issn = "0168-9002",
doi = "http://dx.doi.org/10.1016/0168-9002(95)90005-5",
author = "Aota {\it et al.}, S. "
}

@article{CMSHB,
year={2008},
issn={1434-6044},
journal={The European Physical Journal C},
volume={55},
number={1},
doi={10.1140/epjc/s10052-008-0573-y},
title={Design, performance, and calibration of CMS hadron-barrel calorimeter wedges},
publisher={Springer-Verlag},
author={Abdullin {\it et al.}, S. },
pages={159-171},
language={English}
}

@article{vasken,
   author = "Hagopian, Vasken and Daly, Ian",
   title = "Radiation damage of fibers",
   journal = "AIP Conference Proceedings",
   year = "1998",
   volume = "450",
   number = "1", 
   pages = "53-61",
   doi = "http://dx.doi.org/10.1063/1.56958" 
}


@article{ByonWagner1993263,
title = "Radiation hardness test programs for the \{SDC\} calorimeter ",
journal = "Radiation Physics and Chemistry ",
volume = "41",
number = "1–2",
pages = "263 - 271",
year = "1993",
note = "",
issn = "0969-806X",
doi = "http://dx.doi.org/10.1016/0969-806X(93)90064-2",
author = "Aesook Byon-Wagner",
keywords = "Radiation damage",
keywords = "Scintillating tile/fiber calorimeter",
keywords = "\{SDC\} calorimeter "
}

@article{Giokaris1993315,
title = "Study of dose-rate effects on the radiation damage of polymer-based SCSN23, SCSN81, SCSN81+Y7, SCSN81+Y8 and 3HF scintillators ",
journal = "Radiation Physics and Chemistry ",
volume = "41",
number = "1–2",
pages = "315 - 320",
year = "1993",
note = "",
issn = "0969-806X",
doi = "http://dx.doi.org/10.1016/0969-806X(93)90069-7",
url = "http://www.sciencedirect.com/science/article/pii/0969806X93900697",
author = "N.D. Giokaris and M. Contreras and A. Pla-Dalmau and J. Zimmerman and K.F. Johnson",
keywords = "Plastic Scintillators",
keywords = "Radiation Dose",
keywords = "Dose Rate",
keywords = "Light Yield",
keywords = "Attenuation Length",
keywords = "Radiation Damage "
}

@INPROCEEDINGS{qie,
author={Shaw, T.M. and Baumbaugh, A. and Boubekeur, A. and Elias, J.E. and Hoff, J. and Holm, S. and Los, S. and Rivetta, C. and Ronzhin, A. and Whitmore, J. and Zimmerman, T. and Yarema, R.J.},
booktitle={Nuclear Science Symposium Conference Record, 2002 IEEE},
title={Front end readout electronics for the CMS Hadron Calorimeter},
year={2002},
month={Nov},
volume={1},
pages={194-197 vol.1},
keywords={application specific integrated circuits;nuclear electronics;particle calorimetry;photodiodes;photomultipliers;position sensitive particle detectors;readout electronics;solid scintillation detectors;CMS Hadron Calorimeter;front-end electronics;hybrid photodiodes;photomultiplier tubes;phototubes;radiation tolerant ASIC;readout electronics;scintillating fibers;serialized fiber optic links;Backplanes;Collision mitigation;Detectors;Electronics cooling;Optical fibers;Photodiodes;Photoelectricity;Photomultipliers;Readout electronics;Space cooling},
doi={10.1109/NSSMIC.2002.1239297},}

@article{ecfa2015,
      title         = "{ECFA High Luminosity LHC Experiments Workshop: Physics
                       and Technology Developments Summary submitted to ECFA. 96th
                       Plenary ECFA meeting}",
      month         = "Jan",
      year          = "2015",
      url           = "https://cds.cern.ch/record/1983664",
}


@techreport{phaseiitdr,
      author        = "Butler, J (FNAL) and Contardo, D (Universite Claude
                       Bernard-Lyon I) and Klute, M (MIT) and Mans, J (University
                       of Minnesota) and Silvestris, L (INFN-Bari)",
      title         = "{Technical Proposal for the Phase-II Upgrade of the CMS
                       Detector}",
      institution   = "CERN",
      address       = "Geneva",
      number        = "CERN-LHCC-2015-010. LHCC-P-008",
      month         = "Jun",
      year          = "2015",
      reportNumber  = "CERN-LHCC-2015-010",
      url           = "https://cds.cern.ch/record/2020886",
      note          = "Upgrade Project Leader Deputies: Lucia Silvestris
                       (INFN-Bari), Jeremy Mans (University of Minnesota)
                       Additional contacts: Lucia.Silvestris@cern.ch,
                       Jeremy.Mans@cern.ch",
}

@ARTICLE{Bohnet:87278,
      author       = {Bohnet, I. and Feller, R.-P. and Krumnack, N. and Moeller,
                      E. and Prause, H. and Salehi, H. and Wick, K.},
      title        = {{L}ong-term studies of the optical components in the {ZEUS}
                      calorimeter using a moving {C}o-60 source},
      journal      = {Nuclear physics / A},
      volume       = {599},
      issn         = {0375-9474},
      address      = {Amsterdam},
      publisher    = {North-Holland Publ. Co.},
      reportid     = {PHPPUBDB-8814},
      pages        = {53-59},
      year         = {2009},
      cin          = {ZEUS},
      ddc          = {530},
      cid          = {$I:(DE-H253)ZEUS_-2012_-20130307$},
      pnm          = {Experiments at HERA (ZEUS) (POF1-510)},
      pid          = {G:(DE-H253)POF1-HERA-Exp.-(ZEUS)-20130405},
      experiment   = {EXP:(DE-588)4276505-5},
      typ          = {PUB:(DE-HGF)16},
      pubmed       = {pmid:23402809},
      doi          = {10.1016/j.nima.2008.10.035},
}

@article{kerma,
     jstor_articletype = {research-article},
     title = {Kerma Factors for Neutron Energies below 30 MeV},
     author = {Caswell, R. S. and Coyne, J. J. and Randolph, M. L.},
     journal = {Radiation Research},
     jstor_issuetitle = {},
     volume = {83},
     number = {2},
     jstor_formatteddate = {Aug., 1980},
     pages = {pp. 217-254},
     ISSN = {00337587},
     language = {English},
     year = {1980},
     publisher = {Radiation Research Society},
     copyright = {Copyright © 1980 Radiation Research Society},
    }


@article{castor,
title = "Design and test beam studies for the \{CASTOR\} calorimeter of the \{CMS\} experiment ",
journal = "Nuclear Instruments and Methods in Physics Research Section A: Accelerators, Spectrometers, Detectors and Associated Equipment ",
volume = "623",
number = "1",
pages = "225 - 227",
year = "2010",
note = "1st International Conference on Technology and Instrumentation in Particle Physics ",
issn = "0168-9002",
doi = "http://dx.doi.org/10.1016/j.nima.2010.02.203",
author = "Peter Göttlicher",
keywords = "Tungsten/quartz sampling calorimeter",
keywords = "Cherenkov detector",
keywords = "\{CMS\}",
keywords = "\{LHC\} ",
}


@article{mdliquidtile,
      title         = "{Liquid scintillator tiles for high radiation environments submitted to NIM}",
      month         = "Aug",
      year          = "2015",
}


@article{Lee199929,
	Author = {Eal H. Lee},
	Doi = {http://dx.doi.org/10.1016/S0168-583X(99)00129-9},
	Issn = {0168-583X},
	Journal = {Nuclear Instruments and Methods in Physics Research Section B: Beam Interactions with Materials and Atoms},
	Keywords = {Hardness},
	Number = {1--4},
	Pages = {29 - 41},
	Title = {Ion-beam modification of polymeric materials -- fundamental principles and applications},
	Url = {http://www.sciencedirect.com/science/article/pii/S0168583X99001299},
	Volume = {151},
	Year = {1999},
	Bdsk-Url-1 = {http://www.sciencedirect.com/science/article/pii/S0168583X99001299},
	Bdsk-Url-2 = {http://dx.doi.org/10.1016/S0168-583X(99)00129-9}}



@article{Clough1996583,
	Author = {R.L. Clough and K.T. Gillen and G.M. Malone and J.S. Wallace},
	Doi = {http://dx.doi.org/10.1016/0969-806X(96)00075-8},
	Issn = {0969-806X},
	Journal = {Radiation Physics and Chemistry},
	Number = {5},
	Pages = {583 - 594},
	Title = {Color formation in irradiated polymers},
	Url = {http://www.sciencedirect.com/science/article/pii/0969806X96000758},
	Volume = {48},
	Year = {1996},
	Bdsk-Url-1 = {http://www.sciencedirect.com/science/article/pii/0969806X96000758},
	Bdsk-Url-2 = {http://dx.doi.org/10.1016/0969-806X(96)00075-8}}

@INPROCEEDINGS{liquidrandy, 
author={Marchant, J.M. and Baumbaugh, B.W. and Ciastko, L.A. and Dolezal, B.B. and Heering, A.H. and Hurlbut, C.R. and McKenna, M.B. and Pearson, T.J. and Ruchti, R.C. and Williams, A.C.}, 
booktitle={Nuclear Science Symposium Conference Record (NSS/MIC), 2010 IEEE}, 
title={Liquid-based scintillators for particle physics}, 
year={2010}, 
month={Oct}, 
pages={10-13}, 
keywords={liquid scintillation detectors;particle calorimetry;position sensitive particle detectors;silicon radiation detectors;SiPM devices;colliding beam experiments;forward-calorimetry;high radiation environments;liquid-based scintillators;particle physics;rapid fluorescence decay;safety characteristics;solid state photosensors;Energy loss;Fluorescence;Liquids;Photomultipliers;Plastics;Solvents}, 
doi={10.1109/NSSMIC.2010.5873708}, 
ISSN={1095-7863},}


@INPROCEEDINGS{sipmmcastor, 
author={Heering, A. and Rohlf, J. and Los, S. and Anderson, J. and Freeman, J. and Musienko, Y. and Schmidt, I. and Tully, C. and Dugad, S.}, 
booktitle={Nuclear Science Symposium Conference Record (NSS/MIC), 2009 IEEE}, 
title={An 18 element strip of 1 mm2 G-APDs for CMS HCAL upgrade results of CERN test beam 2009}, 
year={2009}, 
month={Oct}, 
pages={2190-2196}, 
keywords={Geiger counters;avalanche photodiodes;particle calorimetry;photomultipliers;pions;readout electronics;scintillation counters;CERN test beam;CMS HCAL upgrade;Compact Muon Solenoid hadronic barrel calorimeter;G-APD;Geiger mode avalanche photodiodes;Germany;Kyocera;brass absorber;breakdown voltage;calibration;electron volt energy 30 GeV to 300 GeV;hadronic calorimeter;high cell density Zecotek MAPD;linear range requirement;micropixel avalanche photodiodes;multichannel hybrid photodiode;photon detection efficiency;pin ceramic package;radiation hardness;scintillator;Ceramics;Collision mitigation;Diodes;Mesons;Packaging;Poles and towers;Prototypes;Solenoids;Strips;Tiles}, 
doi={10.1109/NSSMIC.2009.5402087}, 
ISSN={1095-7863},}